@book{chung1997spectral,
  title={Spectral graph theory},
  author={Chung, Fan RK and Graham, Fan Chung},
  number={92},
  year={1997},
  publisher={American Mathematical Soc.}
}
@inproceedings{saade2014spectral,
  title={Spectral clustering of graphs with the bethe hessian},
  author={Saade, Alaa and Krzakala, Florent and Zdeborov{\'a}, Lenka},
  booktitle={Advances in Neural Information Processing Systems},
  pages={406--414},
  year={2014}
}
@inproceedings{massoulie2014community,
  title={Community detection thresholds and the weak Ramanujan property},
  author={Massouli{\'e}, Laurent},
  booktitle={Proceedings of the forty-sixth annual ACM symposium on Theory of computing},
  pages={694--703},
  year={2014}
}
@article{krzakala2013spectral,
  title={Spectral redemption in clustering sparse networks},
  author={Krzakala, Florent and Moore, Cristopher and Mossel, Elchanan and Neeman, Joe and Sly, Allan and Zdeborov{\'a}, Lenka and Zhang, Pan},
  journal={Proceedings of the National Academy of Sciences},
  volume={110},
  number={52},
  pages={20935--20940},
  year={2013},
  publisher={National Acad Sciences}
}
@inproceedings{dall2019revisiting,
  title={Revisiting the Bethe-Hessian: improved community detection in sparse heterogeneous graphs},
  author={Dall'Amico, Lorenzo and Couillet, Romain and Tremblay, Nicolas},
  booktitle={Advances in Neural Information Processing Systems},
  pages={4037--4047},
  year={2019}
}
@inproceedings{jiang2018spectral,
  title={On spectral graph embedding: A non-backtracking perspective and graph approximation},
  author={Jiang, Fei and He, Lifang and Zheng, Yi and Zhu, Enqiang and Xu, Jin and Yu, Philip S},
  booktitle={Proceedings of the 2018 SIAM International Conference on Data Mining},
  pages={324--332},
  year={2018},
  organization={SIAM}
}
@article{kannan2017randomized,
  title={Randomized algorithms in numerical linear algebra},
  author={Kannan, Ravindran and Vempala, Santosh},
  journal={Acta Numerica},
  volume={26},
  pages={95},
  year={2017},
  publisher={Cambridge University Press}
}
 @misc{tulloch_2016, title={Fast Randomized SVD}, url={https://research.fb.com/blog/2014/09/fast-randomized-svd/}, journal={Facebook Research}, author={Tulloch, Andrew}, year={2016}, month={Nov}}
 @article{cai2018comprehensive,
  title={A comprehensive survey of graph embedding: Problems, techniques, and applications},
  author={Cai, Hongyun and Zheng, Vincent W and Chang, Kevin Chen-Chuan},
  journal={IEEE Transactions on Knowledge and Data Engineering},
  volume={30},
  number={9},
  pages={1616--1637},
  year={2018},
  publisher={IEEE}
}
@inproceedings{ahmed2013distributed,
  title={Distributed large-scale natural graph factorization},
  author={Ahmed, Amr and Shervashidze, Nino and Narayanamurthy, Shravan and Josifovski, Vanja and Smola, Alexander J},
  booktitle={Proceedings of the 22nd international conference on World Wide Web},
  pages={37--48},
  year={2013}
}
@inproceedings{perozzi2014deepwalk,
  title={Deepwalk: Online learning of social representations},
  author={Perozzi, Bryan and Al-Rfou, Rami and Skiena, Steven},
  booktitle={Proceedings of the 20th ACM SIGKDD international conference on Knowledge discovery and data mining},
  pages={701--710},
  year={2014}
}
@inproceedings{mikolov2013distributed,
  title={Distributed representations of words and phrases and their compositionality},
  author={Mikolov, Tomas and Sutskever, Ilya and Chen, Kai and Corrado, Greg S and Dean, Jeff},
  booktitle={Advances in neural information processing systems},
  pages={3111--3119},
  year={2013}
}
@inproceedings{grover2016node2vec,
  title={node2vec: Scalable feature learning for networks},
  author={Grover, Aditya and Leskovec, Jure},
  booktitle={Proceedings of the 22nd ACM SIGKDD international conference on Knowledge discovery and data mining},
  pages={855--864},
  year={2016}
}
@inproceedings{tang2015line,
  title={Line: Large-scale information network embedding},
  author={Tang, Jian and Qu, Meng and Wang, Mingzhe and Zhang, Ming and Yan, Jun and Mei, Qiaozhu},
  booktitle={Proceedings of the 24th international conference on world wide web},
  pages={1067--1077},
  year={2015}
}
@article{kipf2016semi,
  title={Semi-supervised classification with graph convolutional networks},
  author={Kipf, Thomas N and Welling, Max},
  journal={arXiv preprint arXiv:1609.02907},
  year={2016}
}
@inproceedings{zou2019layer,
  title={Layer-Dependent Importance Sampling for Training Deep and Large Graph Convolutional Networks},
  author={Zou, Difan and Hu, Ziniu and Wang, Yewen and Jiang, Song and Sun, Yizhou and Gu, Quanquan},
  booktitle={Advances in Neural Information Processing Systems},
  pages={11249--11259},
  year={2019}
}
@inproceedings{jiang2019gaussian,
  title={Gaussian-induced convolution for graphs},
  author={Jiang, Jiatao and Cui, Zhen and Xu, Chunyan and Yang, Jian},
  booktitle={Proceedings of the AAAI Conference on Artificial Intelligence},
  volume={33},
  pages={4007--4014},
  year={2019}
}
@article{sanchez2013image,
  title={Image classification with the fisher vector: Theory and practice},
  author={S{\'a}nchez, Jorge and Perronnin, Florent and Mensink, Thomas and Verbeek, Jakob},
  journal={International journal of computer vision},
  volume={105},
  number={3},
  pages={222--245},
  year={2013},
  publisher={Springer}
}
@inproceedings{cavallari2017learning,
  title={Learning community embedding with community detection and node embedding on graphs},
  author={Cavallari, Sandro and Zheng, Vincent W and Cai, Hongyun and Chang, Kevin Chen-Chuan and Cambria, Erik},
  booktitle={Proceedings of the 2017 ACM on Conference on Information and Knowledge Management},
  pages={377--386},
  year={2017}
}
@article{cavallari2019embedding,
  title={Embedding Both Finite and Infinite Communities on Graphs [Application Notes]},
  author={Cavallari, Sandro and Cambria, Erik and Cai, Hongyun and Chang, Kevin Chen-Chuan and Zheng, Vincent W},
  journal={IEEE Computational Intelligence Magazine},
  volume={14},
  number={3},
  pages={39--50},
  year={2019},
  publisher={IEEE}
}
@article{blei2011distance,
  title={Distance Dependent Chinese Restaurant Processes.},
  author={Blei, David M and Frazier, Peter I},
  journal={Journal of Machine Learning Research},
  volume={12},
  number={8},
  year={2011}
}
@article{murphy2007conjugate,
  title={Conjugate Bayesian analysis of the Gaussian distribution},
  author={Murphy, Kevin P},
  journal={def},
  volume={1},
  number={2$\sigma$2},
  pages={16},
  year={2007}
}
@book{murphy2012machine,
  title={Machine learning: a probabilistic perspective},
  author={Murphy, Kevin P},
  year={2012},
  publisher={MIT press}
}

@article{rossetti2018community,
  title={Community discovery in dynamic networks: a survey},
  author={Rossetti, Giulio and Cazabet, R{\'e}my},
  journal={ACM Computing Surveys (CSUR)},
  volume={51},
  number={2},
  pages={1--37},
  year={2018},
  publisher={ACM New York, NY, USA}
}
@article{strehl2002cluster,
  title={Cluster ensembles---a knowledge reuse framework for combining multiple partitions},
  author={Strehl, Alexander and Ghosh, Joydeep},
  journal={Journal of machine learning research},
  volume={3},
  number={Dec},
  pages={583--617},
  year={2002}
}

@inproceedings{morin2005hierarchical,
  title={Hierarchical probabilistic neural network language model.},
  author={Morin, Frederic and Bengio, Yoshua},
  booktitle={Aistats},
  volume={5},
  pages={246--252},
  year={2005},
  organization={Citeseer}
}
@article{gutmann2012noise,
  title={Noise-contrastive estimation of unnormalized statistical models, with applications to natural image statistics},
  author={Gutmann, Michael U and Hyv{\"a}rinen, Aapo},
  journal={The journal of machine learning research},
  volume={13},
  number={1},
  pages={307--361},
  year={2012},
  publisher={JMLR. org}
}
@inproceedings{rasmussen2000infinite,
  title={The infinite Gaussian mixture model},
  author={Rasmussen, Carl Edward},
  booktitle={Advances in neural information processing systems},
  pages={554--560},
  year={2000}
}
@article{blei2006variational,
  title={Variational inference for Dirichlet process mixtures},
  author={Blei, David M and Jordan, Michael I and others},
  journal={Bayesian analysis},
  volume={1},
  number={1},
  pages={121--143},
  year={2006},
  publisher={International Society for Bayesian Analysis}
}
@article{blondel2008fast,
  title={Fast unfolding of communities in large networks},
  author={Blondel, Vincent D and Guillaume, Jean-Loup and Lambiotte, Renaud and Lefebvre, Etienne},
  journal={Journal of statistical mechanics: theory and experiment},
  volume={2008},
  number={10},
  pages={P10008},
  year={2008},
  publisher={IOP Publishing}
}
@inproceedings{meila2001learning,
  title={Learning segmentation by random walks},
  author={Meila, Marina and Shi, Jianbo},
  booktitle={Advances in neural information processing systems},
  pages={873--879},
  year={2001}
}
@article{meila2001random,
  title={A random walks view of spectral segmentation},
  author={Meila, Marina and Shi, Jianbo},
  year={2001},
  publisher={Citeseer}
}
@article{orponen2008locally,
  title={Locally computable approximations for spectral clustering and absorption times of random walks},
  author={Orponen, Pekka and Schaeffer, Satu Elisa and Gayt{\'a}n, Vanesa {\'A}valos},
  journal={arXiv preprint arXiv:0810.4061},
  year={2008}
}
@inproceedings{paranjape2017motifs,
  title={Motifs in temporal networks},
  author={Paranjape, Ashwin and Benson, Austin R and Leskovec, Jure},
  booktitle={Proceedings of the Tenth ACM International Conference on Web Search and Data Mining},
  pages={601--610},
  year={2017}
}
@misc{leskovec2014snap,
  title={SNAP Datasets: Stanford large network dataset collection},
  author={Leskovec, Jure and Krevl, Andrej},
  year={2014}
}
